@inproceedings{Melnikov2018,
    author = {K. Melnikov},
    title = {Lectures on QCD for hadron colliders},
    booktitle = {Proceedings of the 2017 European School of High-Energy Physics, Evora, Portugal, 6â€“19 September 2017},
    editor = {M. Mulders and G. Zanderighi},
    series = {CERN Yellow Reports: School Proceedings},
    volume = {3/2018},
    publisher = {CERN},
    address = {Geneva},
    year = {2018},
    note = {CERN-2018-006-SP},
    doi = {10.23730/CYRSP-2018-003.37}
}

@book{ellis,
    author = {Ellis, R. K. and Stirling and W. J. and Webber, B. R.},
    title = {QCD and Collider Physics},
    series = {Cambridge Monographs on Particle Physics, Nuclear Physics and Cosmology},
    volume = {8},
    publisher = {Cambridge University Press},
    address = {Cambridge},
    year = {1996},
    pages = {435},
    isbn = {978-0521545891},
    doi = {10.1017/CBO9780511628788}
}

@phdthesis{Asteriadis2020,
    author = {Asteriadis, K.},
    title = {Application of the nested soft-collinear subtraction scheme to the description of deep inelastic scattering},
    school = {Karlsruhe Institute of Technology (KIT), Institute for Experimental Particle Physics (EKP)},
    year = {2021},
    type = {PhD Thesis},
    month = {Jul},
    date = {2020-07-24},
    pages = {216},
    supervisor = {K. Melnikov},
    doi = {10.5445/IR/1000135340}
}

@book{Campbell:2017,
    author = "Campbell, John and Huston, Joey and Krauss, Frank",
    title = "{The Black Book of Quantum Chromodynamics : a Primer for the LHC Era}",
    doi = "10.1093/oso/9780199652747.001.0001",
    isbn = "978-0-19-965274-7",
    publisher = "Oxford University Press",
    year = "2018"
}

@article{Collins:1987pm,
    author = "Collins, John C. and Soper, Davison E.",
    title = "{The Theorems of Perturbative QCD}",
    reportNumber = "OITS-350",
    doi = "10.1146/annurev.ns.37.120187.002123",
    journal = "Ann. Rev. Nucl. Part. Sci.",
    volume = "37",
    pages = "383--409",
    year = "1987"
}


@article{Salam:2010nqg,
    author = "Salam, Gavin P.",
    title = "{Towards Jetography}",
    eprint = "0906.1833",
    archivePrefix = "arXiv",
    primaryClass = "hep-ph",
    doi = "10.1140/epjc/s10052-010-1314-6",
    journal = "Eur. Phys. J. C",
    volume = "67",
    pages = "637--686",
    year = "2010"
}

@article{Hoeche:2014,
    author = {H\"oche, Stefan},
    title = {Introduction to parton-shower event generators},
    journal = {arXiv preprint},
    volume = {arXiv:1411.4085},
    year = {2014},
    note = {Lectures presented at TASI 2014. 40 pages, 12 figures},
    url = {https://arxiv.org/abs/1411.4085}
}


@article{Devoto:2025jql,
    author = {Devoto, Federica and Melnikov, Kirill and R{\"o}ntsch, Raoul and Signorile-Signorile, Chiara and Tagliabue, Davide Maria and Tresoldi, Matteo},
    title = "{Integrated subtraction terms and finite remainders for arbitrary processes with massless partons at colliders in the nested soft-collinear subtraction scheme}",
    eprint = "2509.08594",
    archivePrefix = "arXiv",
    primaryClass = "hep-ph",
    month = "9",
    year = "2025"
}

@article{Devoto:2023rpv,
    author = {Devoto, Federica and Melnikov, Kirill and R{\"o}ntsch, Raoul and Signorile-Signorile, Chiara and Tagliabue, Davide Maria},
    title = "{A fresh look at the nested soft-collinear subtraction scheme: NNLO QCD corrections to N-gluon final states in $ q\overline{q} $ annihilation}",
    eprint = "2310.17598",
    archivePrefix = "arXiv",
    primaryClass = "hep-ph",
    reportNumber = "TIF-UNIMI-2023-29, TTP23-050, P3H-23-077, OUTP-23-11P, MPP-2023-250",
    doi = "10.1007/JHEP02(2024)016",
    journal = "JHEP",
    volume = "02",
    pages = "016",
    year = "2024"
}
@article{Altarelli:1977zs,
    author = "Altarelli, Guido and Parisi, G.",
    title = "{Asymptotic Freedom in Parton Language}",
    reportNumber = "LPTENS-77-6",
    doi = "10.1016/0550-3213(77)90384-4",
    journal = "Nucl. Phys. B",
    volume = "126",
    pages = "298--318",
    year = "1977"
}

